@inproceedings{taubin1995signal,
  title={A signal processing approach to fair surface design},
  author={Taubin, Gabriel},
  booktitle={Proceedings of the 22nd annual conference on Computer graphics and interactive techniques},
  pages={351--358},
  year={1995},
  organization={ACM}
}